
@article{SPA,
author = {GavrilÄƒ, Veronica and Bajenaru, Lidia and Dobre, Ciprian},
year = {2019},
month = {07},
pages = {231-238},
title = {Modern Single Page Application Architecture: A Case Study},
volume = {28},
journal = {Studies in Informatics and Control},
doi = {10.24846/v28i2y201911}
}
@article{MVC,
author = {Abdul Majeed, Ibtisam Rauf},
journal = {Peer Rev J Sol Photoen Sys },
review = {PRSP.000505.},
title = {{MVC Architecture: A Detailed Insight to the Modern Web Applications Development.}},
volume = {1},
year = {2018},
language = {english},
hyphenation = {english}
}

@misc{gcc,
title = {{GNU gcc}},
note = {on-line at: \url{http://gcc.gnu.org/}},
     author = {Free Software Foundation},
     year = {2013}
}
@misc{ReactiveX,
title = {{ReactiveX - The Observer pattern done right}},
note = {on-line at: \url{http://reactivex.io/}, visited on: 04/09/2021},
  author = {ReactiveX contributors},
  year = {2021},
}

@misc{RxJs,
title = {{RxJs - Reactive Extensions Library for JavaScript}},
note = {on-line at: \url{https://rxjs.dev/}, visited on: 04/09/2021},
  author = {ReactiveX contributors},
  year = {2021},
}

@misc{NgRx,
title = {{NgRx - Reactive State for Angular}},
note = {on-line at: \url{https://ngrx.io/}, visited on: 04/09/2021},
  author = {Open Source},
  year = {2021},
}


@misc{REST,
title = {{REST architectural style}},
note = {url: \url{https://www.ics.uci.edu/~fielding/pubs/dissertation/rest_arch_style.htm}, visited on: 28/08/2021},
     author = {Roy Thomas Fielding},
     year = {2000},
}

@misc{Angular,
title = {{Angular - The modern web developer's platform}},
note = {url: \url{https://angular.io/}, visited on: 28/08/2021, repository: \url{https://github.com/angular/angular}},
     author = {Google Inc.},
     year = {2016},
}

@misc{React,
title = {{React - A JavaScript library for building user interfaces}},
note = {url: \url{https://reactjs.org/}, visited on: 28/08/2021, repository: \url{https://github.com/facebook/react/}},
     author = {Facebook Inc.},
     year = {2013},
}

@misc{Node,
title = {{Node.js - JavaScript runtime built on Chrome's V8 JavaScript engine.}},
note = {url: \url{https://nodejs.org/en/}, visited on: 28/08/2021, repository: \url{https://github.com/nodejs/node}},
     author = {Ryan Dahl, OpenJS Foundation},
     year = {2009},
}

@misc{npm,
title = {{npm - Package manager for Node.js}},
note = {url: \url{https://www.npmjs.com/}, visited on: 28/08/2021, repository: \url{https://github.com/npm/npm}},
     author = {Isaac Z. Schlueter},
     year = {2009},
}

@misc{npx,
title = {{npx - Run a command from a local or remote npm package}},
note = {url: \url{https://docs.npmjs.com/cli/v7/commands/npx}, visited on: 04/09/2021},
     year = {2021},
     author = {NPM},
}

@misc{git,
title = {{git --fast-version-control}},
note = {url: \url{https://git-scm.com/}, visited on: 28/08/2021, repository: \url{https://github.com/git/git}},
     author = {Linus Torvalds},
     year = {2005},
}

@misc{vsc,
title = {{Visual Studio Code - Open source code editor}},
note = {url: \url{https://code.visualstudio.com/}, visited on: 28/08/2021, repository: \url{https://github.com/microsoft/vscode/}},
     author = {Microsoft Inc.},
     year = {2015},
}

@misc{Redux,
title = {{Redux - A Predictable State Container for JS Apps}},
note = {url: \url{https://redux.js.org/}, visited on: 28/08/2021, repository: \url{https://github.com/reduxjs/redux}},
     author = {Dan Abramov and Andrew Clark},
     year = {2015},
}

@misc{TypeScript,
title = {{TypeScript - JavaScript with syntax for types}},
note = {url: \url{https://www.typescriptlang.org/}, visited on: 28/08/2021, repository: \url{https://github.com/microsoft/TypeScript}},
     author = {Microsoft Inc.},
     year = {2012},
}

@misc{Flux,
title = {{Flux - Application architecture for building user interfaces}},
note = {url: \url{https://facebook.github.io/flux/}, visited on: 28/08/2021, repository: \url{https://github.com/facebook/flux}},
     author = {Facebook Inc.},
     year = {2014},
}

@misc{PrototypeInheritance,
title= {{Prototype Inheritance}},
note = {ulr: \url{https://developer.mozilla.org/en-US/docs/Web/JavaScript/Inheritance_and_the_prototype_chain}, visited on: 04/09/2021},
     author = {MDN - Mozilla Developer Network},
     year = {2021}
}
@misc{Minification,
title= {{Minification}},
note = {ulr: \url{https://developer.mozilla.org/en-US/docs/Glossary/minification}, visited on: 04/09/2021},
     author = {MDN - Mozilla Developer Network},
     year = {2020}
}
@misc{Truthy,
title= {{Truthy}},
note = {ulr: \url{https://developer.mozilla.org/en-US/docs/Glossary/Truthy}, visited on: 04/09/2021},
     author = {MDN - Mozilla Developer Network},
     year = {2021}
}

@book{GoF,
author = {Gamma, Erich and Helm, Richard and Johnson, Ralph and Vlissides, John},
title = {Design Patterns: Elements of Reusable Object-Oriented Software},
year = {1995},
isbn = {0201633612},
publisher = {Addison-Wesley Longman Publishing Co., Inc.},
address = {USA}
}


@misc{ECMAScript,
title= {{ECMAScript}},
note = {ulr: \url{https://developer.mozilla.org/en-US/docs/Glossary/ECMAScript}, visited on: 04/09/2021},
     author = {MDN - Mozilla Developer Network},
     year = {2021}
}

@article{raceCondition,
author = {Netzer, Robert and Miller, Barton},
year = {1992},
month = {09},
pages = {},
title = {What are Race Conditions? - Some Issues and Formalizations},
volume = {1},
journal = {ACM letters on programming languages and systems},
doi = {10.1145/130616.130623}
}

@InProceedings{functionalProgramming,
author="Paulson, Lawrence C.
and Smith, Andrew W.",
editor="Schroeder-Heister, Peter",
title="Logic programming, functional programming, and inductive definitions",
booktitle="Extensions of Logic Programming",
year="1991",
publisher="Springer Berlin Heidelberg",
address="Berlin, Heidelberg",
pages="283--309",
isbn="978-3-540-46879-0"
}

@mics{apollo,
title={{Would your mobile phone be powerful enough to get you to the moon?}},
note={url: \url{https://theconversation.com/would-your-mobile-phone-be-powerful-enough-to-get-you-to-the-moon-115933}, visited on: 05/09/2021},
author={Graham Kendall},
journal={TheConversation.com},
year={2019}
}


@mics{StackOverflowSurvey,
Title={{2020 Developer Survey}},
note={url: \url{https://insights.stackoverflow.com/survey/2020#technology-programming-scripting-and-markup-languages-professional-developers}, visited on: 05/09/2021},
author={StackOverflow},
year={2020}
}

@mics{JSDoc,
  Title={{JSDoc - API documentation generator for JavaScript}},
  note={ulr: \url{https://jsdoc.app/index.html}, visited on: 07/09/2021},
  author={Michael Mathews},
  year={2021}
}


@mics{CQRS,
  Title={{Command Query Responsibility Segregation (CQRS)}},
  note={
    ulr: \url{https://microservices.io/patterns/data/cqrs.html}, visited on: 07/09/2021
  },
  author={Chris Richardson},
  year={2021}
}

@mics{MIT,
  Title={{MIT License}},
  note={
    url: \url{https://github.com/maleksandar/pure-framework/blob/master/LICENSE.md}, visited on: 07/09/2021
  },
  author={Aleksandar Milosavljevic},
  year={2021}
}